@article{2012,
  author = {CMS/CERN},
  title = {{A New Boson with a Mass of 125 GeV Observed with the CMS Experiment at the Large Hadron Collider}},
  volume = {338},
  number = {6114},
  pages = {1569-1575},
  year = {2012},
  doi = {10.1126/science.1230816},
  eprint = {http://www.sciencemag.org/content/338/6114/1569.full.pdf},
  journal = {Science},
}


@article{Holstein_2009,
  doi = {10.1088/1742-6596/173/1/012019},
  url = {http://dx.doi.org/10.1088/1742-6596/173/1/012019},
  year = {2009},
  month = {jun},
  publisher = {{IOP} Publishing},
  volume = {173},
  pages = {012019},
  author = {Barry R Holstein},
  title = {{The mysterious disappearance of Ettore Majorana}},
  journal = {J. Phys.: Conf. Ser.},
}


@article{Digi International_2007,
    title={Rabbit 2000 Microprocessor User’s Manual},
    url={http://ftp1.digi.com/support/documentation/0190069_p.pdf},
    publisher={USA},
    author={Digi International},
    year={2007}
}

@article{Digi International Company_2011,
    title={Dynamic C User’s Manual: Integrated C Development System for Rabbit 2000 and 3000 Microprocessors},
    url={http://ftp1.digi.com/support/documentation/019-0125K.pdf},
    author={Digi International Company},
    year={2011}
}